@book{Thrun:2005:PR:1121596,
 author = {Thrun, Sebastian and Burgard, Wolfram and Fox, Dieter},
 title = {Probabilistic Robotics (Intelligent Robotics and Autonomous Agents)},
 year = {2005},
 isbn = {0262201623},
 publisher = {The MIT Press},
}

@misc{Udacity:nd209,
  title = {Robotics Software Engineer Nanodegree},
  note = {Udacity, Last accessed 18 May 2018},
  url = {https://classroom.udacity.com/nanodegrees/nd209}
}

@misc{ROS:navigation,
  title = {Navigation Stack},
  note = {ROS.org, Last accessed 13 May 2018},
  url = {http://wiki.ros.org/navigation}
}

@misc{ROS:amcl,
  title = {amcl package},
  note = {ROS.org, Last accessed 13 May 2018},
  url = {http://wiki.ros.org/amcl}
}

@misc{ROS:base-local-planner,
  title = {base\_local\_planner package},
  note = {ROS.org, Last accessed 13 May 2018},
  url = {http://wiki.ros.org/base_local_planner}
}

@misc{ROS:costmap-2d,
  title = {costmap\_2d package},
  note = {ROS.org, Last accessed 13 May 2018},
  url = {http://wiki.ros.org/costmap_2d}
}